@article{divya2014study,
  title={A Study on predictors of GDP: Early Signals},
  author={Divya, K Hema and Devi, V Rama},
  journal={Procedia Economics and Finance},
  volume={11},
  pages={375--382},
  year={2014},
  publisher={Elsevier}
}

@article{jain2015factors,
  title={Factors affecting GDP (manufacturing, services, industry): An Indian perspective},
  author={Jain, Dhiraj and Nair, K and Jain, Vaishali},
  journal={Annual Research Journal of SCMS Pune},
  volume={3},
  pages={38--56},
  year={2015}
}


@article{bea,
  title={Gross Domestic Product},
  author={Bureau of Economic Analysis, BEA},
  journal={U.S. Bureau of Economic Analysis (BEA)},
  volume={https://www.bea.gov/data/gdp/gross-domestic-product},
  year={2022}
}



@misc{WinNT,
  title = {{MS Windows NT} Kernel Description},
  howpublished = {\url{http://web.archive.org/web/20080207010024/http://www.808multimedia.com/winnt/kernel.htm}},
  note = {Accessed: 2010-09-30}
}


@misc{cfi,
  title = {Economic Forecasting},
  howpublished = {\url{https://corporatefinanceinstitute.com/resources/knowledge/economics/economic-forecasting/}},
}
