@article{divya2014study,
  title={A Study on predictors of GDP: Early Signals},
  author={Divya, K Hema and Devi, V Rama},
  journal={Procedia Economics and Finance},
  volume={11},
  pages={375--382},
  year={2014},
  publisher={Elsevier}
}

@article{jain2015factors,
  title={Factors affecting GDP (manufacturing, services, industry): An Indian perspective},
  author={Jain, Dhiraj and Nair, K and Jain, Vaishali},
  journal={Annual Research Journal of SCMS Pune},
  volume={3},
  pages={38--56},
  year={2015}
}

@article{bea,
  title={Gross Domestic Product},
  author={Bureau of Economic Analysis, BEA},
  journal={U.S. Bureau of Economic Analysis (BEA)},
  volume={https://www.bea.gov/data/gdp/gross-domestic-product},
  year={2022}
}

@article{cfi,
  title={Economic Forecasting},
  author={Corporate Finance Institute, CFI},
  volume={https://corporatefinanceinstitute.com/resources/knowledge/economics/economic-forecasting/},
  year={2020}
}

@article{eia,
  title={EIA Strategic Plan 2014â€“2018},
  author={U.S. Energy Information Administration},
  volume={https://www.eia.gov/about/strategic_plan.php},
  year={2022}
}


@article{brit,
  title={Gross Domestic Product},
  author={Britannica,Brian Duignan},
  volume={ https://www.britannica.com/topic/gross-domestic-product},
  year={2017}
}


@article{van2009gdp,
  title={The GDP paradox},
  author={Van den Bergh, Jeroen CJM},
  journal={Journal of economic psychology},
  volume={30},
  number={2},
  pages={117--135},
  year={2009},
  publisher={Elsevier}
}

@article{szustak2021relationship,
  title={The Relationship between Energy Production and GDP: Evidence from Selected European Economies},
  author={Szustak, Gra{\.z}yna, Piotr and Grado{\'n}, Witold and Szewczyk, {\L}ukasz},
  journal={Energies},
  volume={15},
  number={1},
  pages={50},
  year={2021},
  publisher={MDPI}
}

@article{kalyoncu2013causality,
  title={Causality relationship between GDP and energy consumption in Georgia, Azerbaijan and Armenia},
  author={Kalyoncu, Huseyin and G{\"u}rsoy, Faruk and G{\"o}cen, Hasan},
  journal={International Journal of Energy Economics and Policy},
  volume={3},
  number={1},
  pages={111--117},
  year={2013}
}